<record><leader>00000cas a22000007a 4500</leader><controlfield tag="001">13789973</controlfield><controlfield tag="008">860627d19261934nvuwr ne      0    0eng d</controlfield><datafield ind1=" " ind2=" " tag="010"><subfield code="a">sn 86076205 </subfield></datafield><datafield ind1=" " ind2=" " tag="040"><subfield code="a">NNX</subfield><subfield code="b">eng</subfield><subfield code="c">NNX</subfield><subfield code="d">CNK</subfield><subfield code="d">OCLCQ</subfield></datafield><datafield ind1=" " ind2=" " tag="042"><subfield code="a">msc</subfield></datafield><datafield ind1="0" ind2="0" tag="245"><subfield code="a">Reese River reveille and Nevada progressive combined.</subfield></datafield><datafield ind1="1" ind2="3" tag="246"><subfield code="a">Reese River reveille</subfield></datafield><datafield ind1=" " ind2=" " tag="260"><subfield code="a">Austin, Nev. :</subfield><subfield code="b">Reese River Reveille Pub. Co.,</subfield><subfield code="c">1926-1934.</subfield></datafield><datafield ind1=" " ind2=" " tag="300"><subfield code="a">10 v. :</subfield><subfield code="b">ill.</subfield></datafield><datafield ind1=" " ind2=" " tag="310"><subfield code="a">Weekly</subfield></datafield><datafield ind1="0" ind2=" " tag="362"><subfield code="a">Vol. 107, no. 25 (Dec. 25, 1926)-v. 116, no. 51 (June 23, 1934).</subfield></datafield><datafield ind1=" " ind2=" " tag="500"><subfield code="a">Title from publisher's statement: Reese River reveille, Dec. 25, 1926-June 23, 1934.</subfield></datafield><datafield ind1=" " ind2=" " tag="500"><subfield code="a">"Pioneer Journal of Nevada."</subfield></datafield><datafield ind1=" " ind2=" " tag="500"><subfield code="a">Publisher: Jan. 15, 1927-June 23, 1934, D. Tandy.</subfield></datafield><datafield ind1=" " ind2=" " tag="530"><subfield code="a">Microfilm available from Bay Microfilm.</subfield></datafield><datafield ind1=" " ind2=" " tag="752"><subfield code="a">United States</subfield><subfield code="b">Nevada</subfield><subfield code="c">Lander</subfield><subfield code="d">Austin.</subfield></datafield><datafield ind1="0" ind2="4" tag="780"><subfield code="t">Reese river reveille (Austin, Nev. : 1869)</subfield><subfield code="w">(DLC)sn 84022037</subfield><subfield code="w">(OCoLC)10266088</subfield></datafield><datafield ind1="0" ind2="4" tag="780"><subfield code="t">Nevada progressive</subfield><subfield code="w">(DLC)sn 86076264</subfield></datafield><datafield ind1="0" ind2="7" tag="785"><subfield code="t">Austin sun (Austin, Nev.)</subfield><subfield code="w">(DLC)sn 86076283</subfield></datafield><datafield ind1="0" ind2="7" tag="785"><subfield code="t">Reese River reveille and the Austin sun</subfield><subfield code="w">(DLC)sn 86076206</subfield></datafield></record>